@TECHREPORT{4copulas,
  AUTHOR =        {Aas, K.},
  TITLE =         {Modelling the dependence structure of financial assets: A survey of four copulas},
  NUMBER =        {SAMBA/22/04},
  INSTITUTION =   {Norwegian Computing Center},
  ADDRESS =       {Oslo, Norway},
  ABSTRACT =      {},
  KEYWORDS =      {},
  NOTE =          {},
  MONTH =         {December},
  YEAR  =         {2004},
  AUTHOR1_URL =   {http://www.cse.msu.edu/~jain},
  AUTHOR1_EMAIL = {jain@cse.msu.edu},
  PAGES =         {},
  FILE  =         {/user/web/htdocs/publications/tech/TR/MSU-CSE-00-2.ps.gz},
  URL   =         {},
  CONTACT =       {jain@cse.msu.edu}
}

@article{mizera1,
       author={Mizera, I.},
       title={On Depth and Deep Points: A Calculus},
       journal={The Annals of Statistics},
       volume={30},
       year = {2002},
       pages = {1681-1736}
}

@article{mizera2,
       author={Mizera, I. and C.H. M\"{u}ller},
       title={Location-Scale Depth},
       journal={Journal of the American Statistical Association},
       volume={99},
       year = {2004},
       pages = {949-989}
}

@PhdThesis{denecke2010,
           title = "Estimators and Tests based on Likelihood-Depth with Application to
{W}eibull Distribution, {G}aussian and {G}umbel Copula",
          author = {Denecke, L.},
          school = {University of Cassel},
           month = {March},
            year = {2010},
}

@TECHREPORT{mashal,
  AUTHOR =        {Mashal, R. and A. Zeevi},
  TITLE =         {Beyond correlation: Extreme co-movements between financial assets},
  NUMBER =        {},
  INSTITUTION =   {Columbia University},
  ADDRESS =       {},
  ABSTRACT =      {},
  KEYWORDS =      {},
  NOTE =          {},
  MONTH =         {},
  YEAR  =         {2002},
  AUTHOR1_URL =   {},
  AUTHOR1_EMAIL = {},
  PAGES =         {},
  FILE  =         {},
  URL   =         {},
  CONTACT =       {}
}

@article{copdepth,
       author={Denecke, L. and C.H. M\"{u}ller},
       title={Robust estimators and tests for bivariate copulas based on likelihood depth},
       journal={Computational Statistics and Data Analysis},
       volume={55},
       year = {2011},
       pages = {2724-2738}
}

@book{matlab,
year = {2010},
author = {MATLAB},
title = {version 7.10.0 (R2010a)},
publisher = {The MathWorks Inc.},
address = {Natick, Massachusetts}
}

@Manual{R302,
  title = {R: {A} Language and Environment for Statistical Computing},
  author = {{R Core Team}},
  organization = {R Foundation for Statistical Computing},
  address = {Vienna, Austria},
  year = {2013},
  url = {http://www.R-project.org/},
}

@article{vine,
       author={Brechmann, E.C. and U. Schepmeier},
       title={Modeling Dependence with {C}- and {D}-Vine Copulas: The {R} Package {CDVine}},
       journal={Journal of Statistical Software},
       volume={52},
       year = {2013},
       pages = {1-27}
}

@article{aicbiccop,
       author={Smith, M.D.},
       title={Modelling sample selection using {A}rchimedean copulas},
       journal={Econometrics Journal},
       volume={6},
       year = {2003},
       pages = {99-123}
}

@TECHREPORT{empcop,
  AUTHOR =        {Romano, C.},
  TITLE =         {Calibrating and Simulating Copula Functions: An Application to the {I}talian Stock Market},
  NUMBER =        {},
  INSTITUTION =   {Capitalia},
  ADDRESS =       {},
  ABSTRACT =      {},
  KEYWORDS =      {},
  NOTE =          {},
  MONTH =         {November},
  YEAR  =         {2002},
  AUTHOR1_URL =   {},
  AUTHOR1_EMAIL = {},
  PAGES =         {26},
  FILE  =         {},
  URL   =         {},
  CONTACT =       {}
}

@article{genest,
       author={Genest, C. and K. Ghoudi and L.-P. Rivest},
       title={A semiparametric estimation procedure in multivariate families of distribution},
       journal={Biometrika},
       volume={82},
       year = {1995},
       pages = {543-552}
}

@article{hoff,
       author={Hoff, P.D.},
       title={Extending the rank likelihood for semiparametric copula estimation},
       journal={The Annals of Applied Statistics},
       volume={1},
       year = {2007},
       pages = {265-283}
}

@article{caparaa,
       author={Cap\'{a}ra\`{a}, P. and A.-L. Foug\`{e}res and C. Genest},
       title={A nonparametric estimation procedure for bivariate extreme value copulas},
       journal={Biometrika},
       volume={84},
       year = {1997},
       pages = {567-577}
}

@article{paircop,
       author={Kim, J.-M. and Y.-S. Jung and E.A. Sungur and K.-H. Haan and C. Park and I. Sohn},
       title={A copula method for modeling directional dependence of genes},
       journal={BMC Bioinformatics},
       volume={9},
       year = {2008},
       pages = {}
}

@article{supsvd,
       author={Li, G. and D. Yang and H. Shen and A.B. Nobel},
       title={Supervised Singular Value Decomposition and Its Asymptotic Properties},
       journal={Technometrics},
       volume={Submitted},
       year = {},
       pages = {}
}

@incollection{m85,
       author={Maskin, Eric S.},
       year={1985},
       title={The theory of implementation in {N}ash equilibrium: a survey},
       booktitle={Social Goals and Social Organization},
       editor={Leonid Hurwicz and David Schmeidler and Hugo Sonnenschein},
       pages={173-204},
       publisher={Cambridge University Press},
       addess={Cambridge}
}

@inproceedings{Huetal2000,
	author = "J. Hu, and H.R. Wu and A. Jennings and X. Wang",
	title = "Fast and robust equalization: A case study",
	booktitle = "Proceedings of the World Multiconference on Systemics, Cybernetics and Informatics, (SCI 2000), Florida, USA, 			23-26 July 2000",
	publisher = "International Institute of Informatics and Systemics", 
	address = "FL, USA",
	pages = "398--403",
	year = "2000"
}
